<?xml version="1.0" encoding="UTF-8"?><collection xmlns="http://www.loc.gov/MARC21/slim"><record><leader>00408nam--2200133-i-4500</leader><controlfield tag="001">000013047</controlfield><controlfield tag="002">20161230</controlfield><controlfield tag="005">20161230201030</controlfield><controlfield tag="008">060222s1000------------r-----000-0-eng-d</controlfield><datafield ind1=" " ind2=" " tag="080"><subfield code="a">621.039.542.34(043)</subfield></datafield><datafield ind1=" " ind2=" " tag="100"><subfield code="a">Beleuta, L.Ioan</subfield></datafield><datafield ind1=" " ind2=" " tag="245"><subfield code="a">Proprietati fizico-chimice ale topiturilor si maselor vitroceramice din sistemul uo2-sio2. teza de doctorat</subfield></datafield><datafield ind1=" " ind2=" " tag="260"><subfield code="a">Bucuresti, Ifin, 1979. 138 P</subfield></datafield><datafield ind1=" " ind2=" " tag="852"><subfield code="a">47086</subfield></datafield></record></collection>